<?xml version="1.0" encoding="UTF-8"?><record xmlns="http://www.loc.gov/MARC21/slim" xmlns:cinclude="http://apache.org/cocoon/include/1.0" xmlns:zs="http://www.loc.gov/zing/srw/">
  <leader>00730cz  a2200193n  4500</leader>
  <controlfield tag="001">no2012008523</controlfield>
  <controlfield tag="003">DLC</controlfield>
  <controlfield tag="005">20140506073834.0</controlfield>
  <controlfield tag="008">120119n| azannaabn          |n aaa     c</controlfield>
  <datafield tag="010" ind1=" " ind2=" ">
    <subfield code="a">no2012008523</subfield>
  </datafield>
  <datafield tag="035" ind1=" " ind2=" ">
    <subfield code="a">(OCoLC)oca09090173</subfield>
  </datafield>
  <datafield tag="040" ind1=" " ind2=" ">
    <subfield code="a">InNd</subfield>
    <subfield code="b">eng</subfield>
    <subfield code="e">rda</subfield>
    <subfield code="c">InNd</subfield>
    <subfield code="d">InNd</subfield>
    <subfield code="d">AzTeS</subfield>
  </datafield>
  <datafield tag="046" ind1=" " ind2=" ">
    <subfield code="f">1977</subfield>
  </datafield>
  <datafield tag="053" ind1=" " ind2="0">
    <subfield code="a">PQ7798.429.O75</subfield>
  </datafield>
  <datafield tag="100" ind1="1" ind2=" ">
    <subfield code="a">Soriano, Manuel,</subfield>
    <subfield code="d">1977-</subfield>
  </datafield>
  <datafield tag="370" ind1=" " ind2=" ">
    <subfield code="a">Buenos Aires (Argentina)</subfield>
    <subfield code="e">Montevideo (Uruguay)</subfield>
    <subfield code="2">naf</subfield>
  </datafield>
  <datafield tag="375" ind1=" " ind2=" ">
    <subfield code="a">male</subfield>
  </datafield>
  <datafield tag="670" ind1=" " ind2=" ">
    <subfield code="a">Variaciones de Koch, 2011:</subfield>
    <subfield code="b">t.p. (Manuel Soriano) p. 4 of cover (born 1977 in Buenos Aires, Argentina)</subfield>
  </datafield>
  <datafield tag="670" ind1=" " ind2=" ">
    <subfield code="a">Vaciaciones de Koch, c2012:</subfield>
    <subfield code="b">t.p. (Manuel Soriano) front cover flap (Manuel Soriano, born 1977 in Buenos Aires; he has lived in Montevideo since 2005)</subfield>
  </datafield>
</record>